<record><leader>00000cas a22000007a 4500</leader><controlfield tag="001">18347094</controlfield><controlfield tag="008">880812d19101922aruwr ne      0    0eng d</controlfield><datafield ind1=" " ind2=" " tag="010"><subfield code="a">sn 88051057 </subfield></datafield><datafield ind1=" " ind2=" " tag="040"><subfield code="a">ANU</subfield><subfield code="b">eng</subfield><subfield code="c">ANU</subfield><subfield code="d">OCLCQ</subfield></datafield><datafield ind1=" " ind2=" " tag="042"><subfield code="a">msc</subfield></datafield><datafield ind1="0" ind2="0" tag="245"><subfield code="a">Journal-advance and Gentry index.</subfield></datafield><datafield ind1="1" ind2="3" tag="246"><subfield code="a">Journal-advance</subfield></datafield><datafield ind1=" " ind2=" " tag="260"><subfield code="a">Gentry, Benton County, Ark. :</subfield><subfield code="b">Arthur Tallman Co.</subfield></datafield><datafield ind1=" " ind2=" " tag="300"><subfield code="a">v.</subfield></datafield><datafield ind1=" " ind2=" " tag="310"><subfield code="a">Weekly</subfield></datafield><datafield ind1="0" ind2=" " tag="362"><subfield code="a">Vol. 17, no. 2 (Nov. 25, 1910)-v. 28, no. 33 (June 30, 1922).</subfield></datafield><datafield ind1=" " ind2=" " tag="500"><subfield code="a">Title varies slightly.</subfield></datafield><datafield ind1=" " ind2=" " tag="752"><subfield code="a">United States</subfield><subfield code="b">Arkansas</subfield><subfield code="c">Benton</subfield><subfield code="d">Gentry.</subfield></datafield><datafield ind1="0" ind2="4" tag="780"><subfield code="t">Gentry index</subfield></datafield><datafield ind1="0" ind2="4" tag="780"><subfield code="t">Journal-advance (Gentry, Ark. : 1897)</subfield><subfield code="w">(DLC)sn 85032951</subfield></datafield><datafield ind1="0" ind2="0" tag="785"><subfield code="t">Journal-advance (Gentry, Ark. : 1922)</subfield><subfield code="w">(DLC)sn 88051058</subfield></datafield></record>